@article{lamport1986latex,
    title={LaTEX: User's Guide \& Reference Manual},
    author={Lamport, Leslie},
    year={1986},
    publisher={Addison-Wesley}
}

@article{quatroautores,
	title={Real-time prediction of hand trajectory 
	by ensembles of cortical neurons in primates},
	author={Wessberg, Johan and Stambaugh, Christopher R and 
	Kralik,Jerald D and 
	Beck, Pamela D and Laubach, Mark and 
	Chapin, John K and Kim, Jung and Biggs, S James and 
	Srinivasan, Mandayam A and Nicolelis, Miguel AL},
	journal={Nature},
	volume={408},
	number={6810},
	pages={361--365},
	year={2000},
	publisher={Nature Publishing Group}
}

@book{knuth,
	title={The texbook},
	author={Knuth, D.E. and Bibby, D. and Makai, I.},
	volume={1993},
	year={1986},
	publisher={Addison-Wesley}
}

@misc{lamport,
	title={Document Preparation System},
	author={Lamport, L. and LaTEX, A.},
	year={1994},
	publisher={Addison-Wesley}
}

@MASTERSTHESIS{Maia2011,
	author = { BORGES, J. A. M.},
	TITLE = {Estudo da drogadição gestacional e óbito neonatal},
	SCHOOL = {Universidade Estadual do Ceará, Fortaleza},
	YEAR = {2012},
	type = {Mestrado},
}

@article{mortalidade,
	title={Mortalidade neonatal: fatores de risco em um município no sul do Brasil},
	author={MARAM, E. and UCHIMURA, T. T.},
	journal={Rev. Eletr. Enf.},
	volume={10},
	number={1},
	pages={29-38},
	year={2008},
}

@inproceedings{Huetal2000,
	author = "J. Hu and H.R. Wu and A. Jennings and X. Wang",
	title = "Fast and robust equalization: A case study",
	booktitle = "Proceedings of the World Multiconference on Systemics, Cybernetics and Informatics, (SCI 2000), Florida, USA, 23-26 July 2000",
	publisher = "International Institute of Informatics and Systemics", 
	address = "FL, USA",
	pages = "398--403",
	year = "2000"
}

@book{tresautores,
	title={Resiliência: enfatizando a proteção dos 	adolescentes},
	author={ASSIS, S. G and  AVANCI, J. Q. and PESCE, R. P.},
	year={2005},
	address={Porto Alegre: Artmed},
}

% site de organização.
@misc{ibge23,
	organization = {Instituto Brasileiro de Geografia e Estat{\'i}stica},
	org-short = {IBGE},
	publisher = {Agência IBGE Notícias},
	title = {Em 2022, analfabetismo cai, mas continua mais alto entre idosos, pretos e pardos e no Nordeste},
	year = {2023},
	url = {https://agenciadenoticias.ibge.gov.br/agencia-noticias/2012-agencia-de-noticias/noticias/37089-em-2022-analfabetismo-cai-mas-continua-mais-alto-entre-idosos-pretos-e-pardos-e-no-nordeste},
	urlaccessdate = {11 nov. 2023},
}



https://www.controleng.com/articles/how-to-best-design-an-hmi-system/

@online{tecnoblog_tft,
	author = {HIGA, P and MARQUES, A},
	title = {O que é o TFT usado em telas de celulares, monitores e TVs?},
	year = {2023},
	date = {Fev. 2023},
	url = {https://tecnoblog.net/responde/o-que-e-tft},
	urlaccessdate = {02 Jan. 2024},
}





https://ieeexplore.ieee.org/document/6577801
M. Jamro and B. Trybus, "IEC 61131-3 programmable human machine interfaces for control devices," 2013 6th International Conference on Human System Interactions (HSI), Sopot, Poland, 2013, pp. 48-55, doi: 10.1109/HSI.2013.6577801.Abstract: HMI graphical panels become more and more common in control devices such as industrial PLC controllers. The authors propose a multiplatform solution incorporating HMI development tools and runtime environment which takes into account specifics of such devices, including limited resources. HMI visualization is oriented to graphic objects and can be programmed in languages defined in IEC 61131-3 standard together with control algorithms. An architecture of the mechanism, as well as details of development and runtime components are presented.URL: https://ieeexplore.ieee.org/stamp/stamp.jsp?tp=&arnumber=6577801&isnumber=6577789

@INPROCEEDINGS{6577801,
  author={Jamro, Marcin and Trybus, Bartosz},
  booktitle={2013 6th International Conference on Human System Interactions (HSI)},
  title={IEC 61131-3 programmable human machine interfaces for control devices},
  year={2013},
  volume={},
  number={},
  pages={48-55},
  doi={10.1109/HSI.2013.6577801}
}




https://www.controleng.com/articles/how-to-best-design-an-hmi-system/





@misc{terminais_operacao_serie_ix,
	organization = {Altus Sistema de Automação S.A.},
	org-short = {Altus},
	publisher = { Central de Downloads (https://www.altus.com.br/pt/suporte) Doc. Code: CT126000 rev. D},
	title = {Terminais de Operação Série iX},
	year = {2017},
	url = {https://www.altus.com.br/suporte/download/baixararquivo/BAgC/2},
	urlaccessdate = {12 jan. 2024},
}


@misc{al1741,
	organization = {Altus Sistema de Automação S.A.},
	org-short = {Altus},
	publisher = { Central de Downloads (https://www.altus.com.br/pt/suporte) Doc. Code: CT100039 rev. A},
	title = {Cabos de Comunicação AL-1739/40/41/42/43/44},
	year = {2017},
	url = {https://www.altus.com.br/suporte/download/baixararquivo/CgEG/2},
	urlaccessdate = {12 jan. 2024},
}


@misc{po8525,
	organization = {Altus Sistema de Automação S.A.},
	org-short = {Altus},
	publisher = {Central de Downloads (https://www.altus.com.br/pt/suporte) Doc. Code: 02.888.732-7 rev. C},
	title = {PO8525 - Derivador e Terminação p/ rede RS485},
	year = {2017},
	url = {https://www.altus.com.br/suporte/download/baixararquivo/AwIAXA==/2},
	urlaccessdate = {12 jan. 2024},
}



@misc{al2306,
	organization = {Altus Sistema de Automação S.A.},
	org-short = {Altus},
	publisher = {Central de Downloads (https://www.altus.com.br/pt/suporte) Doc. Code: 104506 rev. B},
	title = {Cabo RS-485 p/ rede MODBUS ou CAN AL-2306},
	year = {2017},
	url = {https://www.altus.com.br/suporte/download/baixararquivo/CgAH/2},
	urlaccessdate = {12 jan. 2024},
}


@misc{tb131,
	organization = {Altus Sistema de Automação S.A.},
	org-short = {Altus},
	publisher = {Central de Downloads (https://www.altus.com.br/pt/suporte) Doc. Code: 122100 rev. E},
	title = {Training Box Duo - TB130, TB131},
	year = {2017},
	url = {https://www.altus.com.br/en/suporte/download/baixararquivo/BgEB/2},
	urlaccessdate = {12 jan. 2024},
}



@misc{manual_tb131,
	organization = {Altus Sistema de Automação S.A.},
	org-short = {Altus},
	publisher = {Central de Downloads (https://www.altus.com.br/pt/suporte) Doc. Code: MU213100 rev. F 07/2016},
	title={Manual de Utilização DU350/DU351},
	year={2016},
	url={https://www.altus.com.br/suporte/download/baixararquivo/AAkC/2},
	urlaccessdate = {16 jan. 2024},
}

@misc{connect_ihm_tb131,
	organization = {Altus Sistema de Automação S.A.},
	org-short = {Altus},
	publisher = {Plataforma Base de conhecimento},
	title = {IHM X2 - Modbus RTU com NEXTO/NEXTO XPRESS},
	year = {2017},
	url = {https://www.altus.com.br/base-conhecimento/categoria/34/detalhe/186/ihm-x2---modbus-rtu-com-nexto-2Fnexto-xpress},
	urlaccesdate = {15 jan. 2024},
}


@misc{ix_manual,
	organization = {Altus Sistema de Automação S.A.},
	org-short = {Altus},
	publisher = {Central de Downloads (https://www.altus.com.br/pt/suporte) Doc. Code: MU226000 rev. B},
	title = {iX Developer - Manual de Utilização},
	year = {2021},
	url = {https://www.altus.com.br/suporte/download/baixararquivo/BAgL/2},
	urlacessdate = {15 jan. 2024},
}




@misc{ixdev_download,
	organization = {Altus Sistema de Automação S.A.},
	org-short = {Altus},
	publisher = {Plataforma Base de conhecimento},
	title = {Como realizar Download e Upload de projeto com iX Developer},
	year = {2017},
	url = {https://www.altus.com.br/base-conhecimento/categoria/34/detalhe/572/como-realizar-download-e-upload-de-projeto-com-ix-developer},
	urlaccesdate = {16 jan. 2024},
}




@misc{ix_t7f_2-x2_base_7,
	organization = {Altus Sistema de Automação S.A.},
	org-short = {Altus},
	publisher = {Plataforma Base de conhecimento},
	title = {Notificações de Regime de Produção},
	year = {2016},
	url = {https://www.altus.com.br/suporte/download/baixararquivo/BAkH/2},
	urlaccesdate = {16 jan. 2024},
}





@online{automacao_cartoon,
	author={Andrade, F},
	title={Tudo sobre o protocolo Modbus},
	year={2019},
	url={https://automacaoecartoons.com/2018/11/23/protocolo-modbus/},
	urlaccessdate={16 jan. 2024},
}

@online{ixDev_tutorials,
	author={Beijer Electronics},
	title={iX Developer - Tutorial Videos},
	year={2024},
	url={ https://www.beijerelectronics.com/en/Products/software/ix-hmi-software/Vimeo___video___page },
	urlaccessdate={16 jan. 2024},
}


@online{ihm_x2,
	author={Altus S.A},
	title={IHM X2},
	year={2022},
	url={https://youtube.com/playlist?list=PLyXOhZvvjr-9VBMuYyTH2EbQeJZ461Px9&si=hAxAQt2S66AoEc4O},
	urlaccessdate={16 jan. 2024},
}

@online{beijer-youtube,
	author={Beijer},
	title={iX Developer Tutorial Videos},
	year={2023},
	url={https://youtube.com/playlist?list=PLtOkh03wZbBQ3mu7sGpgTjRZZtVBPkwn1&si=KJZJz0zO4qAQ1KYk},
	urlaccessdate={17 jan. 2024},
}

@online{altus-youtube,
	author={Altus},
	title={Altus Sistemas de Automação},
	year={2012},
	url={https://www.youtube.com/@AltusSA/playlists},
	urlaccessdate={17 jan. 2024},
}

@online{altus-linkedin,
	author={Altus},
	title={Fabricante de Máquinas e Equipamentos},
	year={2024},
	url={https://pt.linkedin.com/company/altussa},
		urlaccessdate={17 jan. 2024},
}




@misc{modbus_org,
	organization = {Modbus Organization, Inc.},
	org-short = {Modbus},
	publisher = {},
	title = {Modbus Application Protocol Specification (v1.1b3)},
	year = {2012},
	url = {https://modbus.org/docs/Modbus_Application_Protocol_V1_1b3.pdf},
	urlaccessdate = {11 jan. 2024},
}


@misc{client_server,
	organization = {Modbus Organization, Inc.},
	org-short = {Modbus},
	publisher = {},
	title = {Modbus Organization Replaces Master-Slave with Client-Server},
	year = {2020},
	url = {https://modbus.org/docs/Client-ServerPR-07-2020-final.docx.pdf},
	urlaccessdate = {24 jan. 2024},
}
